% This file was created with JabRef 2.10.
% Encoding: Cp1252




@Article{ISO800002,
  Title                    = {80000-2},
  Author                   = {{ISO}},
  Journal                  = {Quantities and units--Part 2: Mathematical signs and symbols to be used in the natural sciences and technology},
  Year                     = {2009}
}

@Book{Oetiker2014,
  Title                    = {The Not So Short Introduction to \LaTeXe
Or \LaTeXe in 157 minutes},
  Author                   = {Oetiker, Tobias and Partl, Hubert and Hyna, Irene and Schlegl, Elisabeth},
  Publisher                = {n.a.},
  Year                     = {2014}
}

